<?xml version="1.0" encoding="UTF-8"?><collection xmlns="http://www.loc.gov/MARC21/slim"><record><leader>00770nam--2200181-i-4500</leader><controlfield tag="001">000018754</controlfield><controlfield tag="002">20161230</controlfield><controlfield tag="005">20161230201032</controlfield><controlfield tag="008">060222s1000------------r-----000-0-eng-d</controlfield><datafield ind1=" " ind2=" " tag="040"><subfield code="a">IFIN-HH</subfield></datafield><datafield ind1=" " ind2=" " tag="080"><subfield code="a">533.9(061.3)</subfield></datafield><datafield ind1="1" ind2=" " tag="110"><subfield code="a">French Ministry Of Scientific Research And Atomic And Spatial Problems</subfield></datafield><datafield ind1="1" ind2="0" tag="245"><subfield code="a">7-e congres international de physique des semiconducteurs; seventh international conference on the physics of semiconducterurs. effets des rayonnements sur les semiconducteurs; radiation damage in semiconductors, paris-royaumont, 1964. p. baruch (ed.)</subfield></datafield><datafield ind1=" " ind2=" " tag="260"><subfield code="a">Paris</subfield><subfield code="b">Dunod</subfield><subfield code="c">1965</subfield></datafield><datafield ind1=" " ind2=" " tag="300"><subfield code="a">426 P</subfield></datafield><datafield ind1=" " ind2=" " tag="490"><subfield code="a">7-e Congres International De Physique Des Semiconducteurs</subfield><subfield code="v">Volume 3</subfield></datafield><datafield ind1=" " ind2=" " tag="852"><subfield code="a">20859</subfield><subfield code="c">537.311.33</subfield></datafield><datafield ind1=" " ind2=" " tag="CAT"><subfield code="a">Sys</subfield><subfield code="c">20151105</subfield><subfield code="h">123913</subfield></datafield></record></collection>